@misc{graphics_usage,
	title="Область применения компьютерной графики. [Электронный ресурс]",
	howpublished="Режим доступа: \url{https://edusar.soiro.ru/mod/page/view.php?id=6099} (дата обращения: 11.11.2021)"
}

@misc{icenature,
	title="Freezing water at constant volume. [Электронный ресурс]",
	howpublished="Режим доступа: \url{https://www.nature.com/articles/s42005-020-0303-9} (дата обращения: 12.11.2021)"
}

@misc{blenderice,
	title="Blender Ice Models. [Электронный ресурс]",
	howpublished="Режим доступа: \url{https://www.turbosquid.com/Search/3D-Models/ice/blend} (дата обращения: 10.11.2021)"
}

@misc{models,
	title="Методы трехмерного моделирования. [Электронный ресурс]",
	howpublished="Режим доступа: \url{https://studopedia.ru/19_307536_metodi-trehmernogo-modelirovaniya-karkasnoe-modelirovanie-poverhnostnoe-tverdotelnoe-modelirovanie-tipi-poverhnostey-chto-predstavlyayut-s-soboy-trehmernie-ob-ekti.html} (дата обращения: 10.11.2021)"
}

@misc{roberts,
	title="Алгоритм Робертса. [Электронный ресурс]",
	howpublished="Режим доступа: \url{http://compgraph.tpu.ru/roberts.htm} (дата обращения: 10.11.2021)"
}

@misc{zbuffer,
	title="Z-buffering. [Электронный ресурс]",
	howpublished="Режим доступа: \url{https://www.computerhope.com/jargon/z/zbuffering.htm} (дата обращения: 10.11.2021)"
}

@misc{ray-tracing,
	title="Ray Tracing in One Weekend. [Электронный ресурс]",
	howpublished="Режим доступа: \url{https://raytracing.github.io/books/RayTracingInOneWeekend.html} (дата обращения: 10.11.2021)"
}

@misc{windows,
	title="Explore Windows 10. [Электронный ресурс]",
	howpublished="Режим доступа: \url{https://www.microsoft.com/en-us/windows/} (дата обращения: 02.10.2021)"
}

@misc{amd,
	title="AMD Processors [Электронный ресурс]",
	howpublished="Режим доступа: \url{https://www.amd.com/en/products/apu/amd-ryzen-5-4600h} (дата обращения: 02.10.2021)"
}
